@article{Adams:2005dq,
    author = "Adams, John and others",
    collaboration = "STAR",
    title = "{Experimental and theoretical challenges in the search for the quark gluon plasma: The STAR Collaboration's critical assessment of the evidence from RHIC collisions}",
    eprint = "nucl-ex/0501009",
    archivePrefix = "arXiv",
    doi = "10.1016/j.nuclphysa.2005.03.085",
    journal = "Nucl. Phys. A",
    volume = "757",
    pages = "102--183",
    year = "2005"
}


@article{Adcox:2004mh,
    author = "Adcox, K. and others",
    collaboration = "PHENIX",
    title = "{Formation of dense partonic matter in relativistic nucleus-nucleus collisions at RHIC: Experimental evaluation by the PHENIX collaboration}",
    eprint = "nucl-ex/0410003",
    archivePrefix = "arXiv",
    doi = "10.1016/j.nuclphysa.2005.03.086",
    journal = "Nucl. Phys. A",
    volume = "757",
    pages = "184--283",
    year = "2005"
}


@article{Arsene:2004fa,
    author = "Arsene, I. and others",
    collaboration = "BRAHMS",
    title = "{Quark gluon plasma and color glass condensate at RHIC? The Perspective from the BRAHMS experiment}",
    eprint = "nucl-ex/0410020",
    archivePrefix = "arXiv",
    doi = "10.1016/j.nuclphysa.2005.02.130",
    journal = "Nucl. Phys. A",
    volume = "757",
    pages = "1--27",
    year = "2005"
}


@article{Back:2004je,
    author = "Back, B. B. and others",
    collaboration = "PHOBOS",
    title = "{The PHOBOS perspective on discoveries at RHIC}",
    eprint = "nucl-ex/0410022",
    archivePrefix = "arXiv",
    doi = "10.1016/j.nuclphysa.2005.03.084",
    journal = "Nucl. Phys. A",
    volume = "757",
    pages = "28--101",
    year = "2005"
}


@article{Schukraft:2011na,
    author = "Schukraft, J.",
    collaboration = "ALICE",
    title = "{Heavy Ion physics with the ALICE experiment at the CERN LHC}",
    eprint = "1109.4291",
    archivePrefix = "arXiv",
    primaryClass = "hep-ex",
    doi = "10.1098/rsta.2011.0469",
    journal = "Phil. Trans. Roy. Soc. Lond. A",
    volume = "370",
    pages = "917--932",
    year = "2012"
}


@article{Abelev:2012sk,
    author = "Abelev, Betty and others",
    collaboration = "ALICE",
    title = "{Transverse sphericity of primary charged particles in minimum bias proton-proton collisions at $\sqrt{s}=0.9$, 2.76 and 7 TeV}",
    eprint = "1205.3963",
    archivePrefix = "arXiv",
    primaryClass = "hep-ex",
    reportNumber = "CERN-PH-EP-2012-136",
    doi = "10.1140/epjc/s10052-012-2124-9",
    journal = "Eur. Phys. J. C",
    volume = "72",
    pages = "2124",
    year = "2012"
}


@article{Chatrchyan:2013eya,
    author = "Chatrchyan, Serguei and others",
    collaboration = "CMS",
    title = "{Study of the Production of Charged Pions, Kaons, and Protons in pPb Collisions at $\sqrt{s_{NN}} =\  $ 5.02 $\,\text {TeV}$}",
    eprint = "1307.3442",
    archivePrefix = "arXiv",
    primaryClass = "hep-ex",
    reportNumber = "CMS-HIN-12-016, CERN-PH-EP-2013-096",
    doi = "10.1140/epjc/s10052-014-2847-x",
    journal = "Eur. Phys. J. C",
    volume = "74",
    number = "6",
    pages = "2847",
    year = "2014"
}


@article{Khachatryan:2010gv,
    author = "Khachatryan, Vardan and others",
    collaboration = "CMS",
    title = "{Observation of Long-Range Near-Side Angular Correlations in Proton-Proton Collisions at the LHC}",
    eprint = "1009.4122",
    archivePrefix = "arXiv",
    primaryClass = "hep-ex",
    reportNumber = "CMS-QCD-10-002, CERN-PH-EP-2010-031",
    doi = "10.1007/JHEP09(2010)091",
    journal = "JHEP",
    volume = "09",
    pages = "091",
    year = "2010"
}


@article{CMS:2012qk,
    author = "Chatrchyan, Serguei and others",
    collaboration = "CMS",
    title = "{Observation of Long-Range Near-Side Angular Correlations in Proton-Lead Collisions at the LHC}",
    eprint = "1210.5482",
    archivePrefix = "arXiv",
    primaryClass = "nucl-ex",
    reportNumber = "CMS-HIN-12-005, CERN-PH-EP-2012-320, CMS-HIN-12-015",
    doi = "10.1016/j.physletb.2012.11.025",
    journal = "Phys. Lett. B",
    volume = "718",
    pages = "795--814",
    year = "2013"
}


@article{Abelev:2012ola,
    author = "Abelev, Betty and others",
    collaboration = "ALICE",
    title = "{Long-range angular correlations on the near and away side in $p$-Pb collisions at $\sqrt{s_{NN}}=5.02$ TeV}",
    eprint = "1212.2001",
    archivePrefix = "arXiv",
    primaryClass = "nucl-ex",
    reportNumber = "CERN-PH-EP-2012-359",
    doi = "10.1016/j.physletb.2013.01.012",
    journal = "Phys. Lett. B",
    volume = "719",
    pages = "29--41",
    year = "2013"
}


@article{Aad:2012gla,
    author = "Aad, Georges and others",
    collaboration = "ATLAS",
    title = "{Observation of Associated Near-Side and Away-Side Long-Range Correlations in $\sqrt{s_{NN}}$=5.02  TeV Proton-Lead Collisions with the ATLAS Detector}",
    eprint = "1212.5198",
    archivePrefix = "arXiv",
    primaryClass = "hep-ex",
    reportNumber = "CERN-PH-EP-2012-366",
    doi = "10.1103/PhysRevLett.110.182302",
    journal = "Phys. Rev. Lett.",
    volume = "110",
    number = "18",
    pages = "182302",
    year = "2013"
}


@article{Aad:2013fja,
    author = "Aad, Georges and others",
    collaboration = "ATLAS",
    title = "{Measurement with the ATLAS detector of multi-particle azimuthal correlations in p+Pb collisions at $\sqrt{s_{NN}}$ =5.02 TeV}",
    eprint = "1303.2084",
    archivePrefix = "arXiv",
    primaryClass = "hep-ex",
    reportNumber = "CERN-PH-EP-2013-029",
    doi = "10.1016/j.physletb.2013.06.057",
    journal = "Phys. Lett. B",
    volume = "725",
    pages = "60--78",
    year = "2013"
}


@article{Chatrchyan:2013nka,
    author = "Chatrchyan, Serguei and others",
    collaboration = "CMS",
    title = "{Multiplicity and Transverse Momentum Dependence of Two- and Four-Particle Correlations in pPb and PbPb Collisions}",
    eprint = "1305.0609",
    archivePrefix = "arXiv",
    primaryClass = "nucl-ex",
    reportNumber = "CMS-HIN-13-002, CERN-PH-EP-2013-077",
    doi = "10.1016/j.physletb.2013.06.028",
    journal = "Phys. Lett. B",
    volume = "724",
    pages = "213--240",
    year = "2013"
}


@article{Adams:2006nd,
    author = "Adams, J. and others",
    collaboration = "STAR",
    title = "{Identified hadron spectra at large transverse momentum in p+p and d+Au collisions at s(NN)**(1/2) = 200-GeV}",
    eprint = "nucl-ex/0601033",
    archivePrefix = "arXiv",
    doi = "10.1016/j.physletb.2006.04.032",
    journal = "Phys. Lett. B",
    volume = "637",
    pages = "161--169",
    year = "2006"
}
